@book{DuOzRM,
author = "David J. Dunlop and Özden Özdemir",
title = "Rock Magnetism",
publisher = "Cambridge University Press",
address = "Cambridge",
year = "1997",
}

@article{Suess1,
author = "D. Suess and V. Tsiantos and T. Schrefl and J. Fidler and W. Scholz and H. Forster and R. Dittrich and J. J. Miles",
title = "Time resolved micromagnetics using a preconditioned time integration method",
journal = "Journal of magnetism and magnetic materials",
volume = "248",
pages = "298--311",
year = "2002",
}

@article{Imhoff1,
author = "J. F. Imhoff and G. Meunler and X. Brunotte and J. C. Sabonnadière",
title = "An original solution for unbounded electromagnetic 2{D}- and 3{D}-problemas throughout the finite element method",
journal = "IEEE Transactions on Magnetics",
volume = "26",
number = "5",
pages = "1659--1661",
year = "1990",
}

@article{Abert1,
author = "Claas Abert and Lukas Exl and Florian Bruckner and André Drews and Dieter Suess",
title = "magnum.fe: {A} micromagnetic finite-element simulation code based on {FE}ni{CS}",
journal = "Journal of Magnetism and Magnetic Materials",
volume = "345",
pages = "29--35",
year = "2013",
}

@article{Mxwt1,
author = "Adrian R. Muxworthy and Wyn Williams and Andrew P. Roberts and Michael Winklhofer and Liao chang and Mihály Pósfai",
title = "Critical single domain grain sizes in chains of interacting greigite particles: {I}mplications for magnetosome crystals",
journal = "Geochem. Geophys. Geosyst.",
volume = "14",
number = "2",
pages = "5430--5441",
year = "2013",
}

@article{Mxwt2,
author = "Adrian Muxworthy and Wyn Williams and Davinder Virdee",
title = "Effect of magnetostatic interactions on the hysteresis parameters of single-domain and pseudo-single-domain grains",
journal = "J. Geophys. Res",
volume = "108",
number = "B11",
pages = "2517",
year = "2003",
}

@article{WynW1,
author = "W. Williams and M. E. Evans and D. Krása",
title = "Micromagnetics of paleomagnetically significant mineral grains with complex morphology",
journal = "Geochem. Geophys. Geosyst.",
volume = "11",
number = "2",
year = "2010",
}

@article{Fab1,
author = "Karl Fabian and Andreas Kirchner and Wyn Williams and Franz Heider and Thomas Leibl and Alex Huber",
title = "Three-dimensional micromagnetic calculations for magnetite using {FFT}",
journal = "Geophys. J. Int.",
volume = "124",
pages = "89--104",
year = "1996",
}

@article{WynW2,
author = "Wyn Williams and David J. Dunlop",
title = "Three-dimensional micromagnetic modelling of ferromagnetic domain structure",
journal = "Nature",
volume = "337",
pages = "634--637",
year = "1989",
}

@article{Wright1,
author = "T. M. Wright and W. Williams and D. J. Dunlop",
title = "An improved algorith for micromagnetics",
journal = "J. Geophys. Res.",
volume = "102",
number = "B6",
pages = "12085--12094",
year = "1997",
}

@book{Kron,
author = "Helmut Kronmüller and Manfred Fähnle",
title = "Micromagnetism and the Microstructure of Ferromagnetic Solids",
publisher = "Cambridge University Press",
address = "Cambridge",
year = "2003",
}

@book{Evans,
author = "Michael E. Evans and Friedrich Heller",
title = "Environmental Magnetism",
publisher = "Academic Press",
address = "Amsterdam",
year = "2003",
}

@book{Fenics,
author = "Anders Logg and Kent-Andre Mardal and Garth N. Wells",
title = "Automated Solutions of Differential Equations by the Finite Element Method",
publisher = "Springer",
address = "Berlin",
year = "2012",
}

@article{Aldana1,
author = "M. Aldana and V. Constanzo-Alvarez and D. Vitiello and L. Colmenares and G. Gómez",
title = "Framboidal magnetic minerals and their possible association to hydrocarbons: {L}a {V}ictoria oil field, southwestern {V}enezuela",
journal = "Geofís. Int.",
volume = "38",
number = "3",
pages = "137--152",
year = "1999",
}
